
@article{
  mcnutt2014,
  title={Reproducibility},
  volume={343},
  ISSN={0036-8075},
  note={Citation Key: mcnutt2014 Publisher: American Association for the Advancement of Science tex.eprint: https://science.sciencemag.org/content/343/6168/229.full.pdf},
  number={6168},
  journal={Science},
  publisher={American},
  author={McNutt, Marcia},
  year={2014},
pages={229–229} }

@article{
  jasny2011b,
  title={Again, and again, and again},
  volume={334},
  ISSN={0036-8075},
  note={Citation Key: jasny2011b Publisher: American Association for the Advancement of Science tex.eprint: https://science.sciencemag.org/content/334/6060/1225.full.pdf},
  number={6060},
  journal={Science},
  publisher={American},
  author={Jasny, Barbara R. and Chin, Gilbert and Chong, Lisa and Vignieri, Sacha},
  year={2011},
pages={1225–1225} }

@article{
  jasny2011b,
  title={Again, and again, and again},
  volume={334},
  ISSN={0036-8075},
  note={Citation Key: jasny2011b Publisher: American Association for the Advancement of Science tex.eprint: https://science.sciencemag.org/content/334/6060/1225.full.pdf},
  number={6060},
  journal={Science},
  publisher={American},
  author={Jasny, Barbara R. and Chin, Gilbert and Chong, Lisa and Vignieri, Sacha},
  year={2011},
pages={1225–1225} }

@misc{
  gjestland2024,
  title={Data Science - Robust and Reliable Science},
  url={https://msb105.netlify.app/introduction/reproducibility/rr-science_h24#/},
  author={Gjestland, Arnstein},
  year={2024},
month={Dec} }

@misc{
  gjestland2024,
  title={Data Science - Robust and Reliable Science},
  url={https://msb105.netlify.app/introduction/reproducibility/rr-science_h24#/},
  author={Gjestland, Arnstein},
  year={2024},
month={Dec} }

@book{
  bollen2015,
  title={Social, Behavioral, and Economic Sciences Perspectives on Robust and Reliable Science},
  institution={National Science Foundation},
  author={Bollen, Kenneth and Cacioppo, John T. and Kaplan, Robert M. and Krosnick, Jon A. and Olds, James L.},
  year={2015},
month={May} }

@article{
  stodden2010,
  title={The Scientific Method in Practice: Reproducibility in the Computational Sciences},
  ISSN={1556-5068},
  url={http://www.ssrn.com/abstract=1550193},
  DOI={10.2139/ssrn.1550193},
  journal={SSRN Electronic Journal},
  author={Stodden, Victoria},
year={2010} }

@article{
  gentleman2007b,
  title={Statistical Analyses and Reproducible Research},
  volume={16},
  ISSN={1061-8600, 1537-2715},
  note={Citation Key: gentleman2007b},
  number={1},
  journal={Journal of Computational and Graphical Statistics},
  author={Gentleman, Robert and Temple Lang, Duncan},
  year={2007},
  month={Mar},
pages={1–23} }

@article{
  gentleman2007b,
  title={Statistical Analyses and Reproducible Research},
  volume={16},
  ISSN={1061-8600, 1537-2715},
  note={Citation Key: gentleman2007b},
  number={1},
  journal={Journal of Computational and Graphical Statistics},
  author={Gentleman, Robert and Temple Lang, Duncan},
  year={2007},
  month={Mar},
pages={1–23} }

@article{
  gelman,
  title={The garden of forking paths: Why multiple comparisons can be a problem, even when there is no “ﬁshing expedition” or “p-hacking” and the research hypothesis was posited ahead of time},
author={Gelman, Andrew and Loken, Eric} }

@article{
  gelman,
  title={The garden of forking paths: Why multiple comparisons can be a problem, even when there is no “ﬁshing expedition” or “p-hacking” and the research hypothesis was posited ahead of time},
author={Gelman, Andrew and Loken, Eric} }

@article{
  klein2018b,
  title={Many labs 2: Investigating variation in replicability across samples and settings},
  volume={1},
  note={Citation Key: klein2018b tex.eprint: https://doi.org/10.1177/2515245918810225},
  number={4},
  journal={Advances in Methods and Practices in Psychological Science},
  author={Klein, Richard A. and Vianello, Michelangelo and Hasselman, Fred and Adams, Byron G. and Reginald B. Adams, Jr. and Alper, Sinan and Aveyard, Mark and Axt, Jordan R. and Babalola, Mayowa T. and Bahník, Štěpán and et al.},
  year={2018},
pages={443–490} }

@article{
  deaton2010,
  title={Instruments, Randomization, and Learning about Development},
  volume={48},
  ISSN={0022-0515},
  url={https://www.jstor.org/stable/20778731},
  number={2},
  journal={Journal of Economic Literature},
  publisher={American},
  author={Deaton, Angus},
  year={2010},
pages={424–455} }

@article{
  christensen2018,
  title={Transparency, Reproducibility, and the Credibility of Economics Research},
  volume={56},
  ISSN={0022-0515},
  url={https://pubs.aeaweb.org/doi/10.1257/jel.20171350},
  DOI={10.1257/jel.20171350},
  number={3},
  journal={Journal of Economic Literature},
  author={Christensen, Garret and Miguel, Edward},
  year={2018},
  month={Sep},
pages={920–980} }

@article{
  bauer2023,
  title={Writing a reproducible paper with RStudio and Quarto},
  url={https://osf.io/ur4xn},
  DOI={10.31219/osf.io/ur4xn},
author={Bauer, Paul C. and Landesvatter, Camille} }

@article{
  bauer2023,
  title={Writing a reproducible paper with RStudio and Quarto},
  url={https://osf.io/ur4xn},
  DOI={10.31219/osf.io/ur4xn},
author={Bauer, Paul C. and Landesvatter, Camille} }

@article{
  dewald1986b,
  title={Replication in Empirical Economics: The Journal of Money, Credit and Banking Project},
  volume={76},
  ISSN={0002-8282},
  note={Citation Key: dewald1986b Publisher: American Economic Association},
  number={4},
  journal={The American Economic Review},
  publisher={American},
  author={Dewald, William G. and Thursby, Jerry G. and Anderson, Richard G.},
  year={1986},
pages={587–603} }

@article{
  dewald1986b,
  title={Replication in Empirical Economics: The Journal of Money, Credit and Banking Project},
  volume={76},
  ISSN={0002-8282},
  note={Citation Key: dewald1986b Publisher: American Economic Association},
  number={4},
  journal={The American Economic Review},
  publisher={American},
  author={Dewald, William G. and Thursby, Jerry G. and Anderson, Richard G.},
  year={1986},
pages={587–603} }

@article{ioannidis2005b,
	title = {Why Most Published Research Findings Are False},
	author = {Ioannidis, John P. A.},
	year = {2005},
	month = {08},
	date = {2005-08-30},
	journal = {PLOS Medicine},
	pages = {e124},
	volume = {2},
	number = {8},
	note = {Citation Key: ioannidis2005b
Publisher: Public Library of Science},
	langid = {english}
}

@article{simmons2011,
	title = {False-positive psychology: Undisclosed flexibility in data collection and analysis allows presenting anything as significant},
	author = {Simmons, Joseph P. and Nelson, Leif D. and Simonsohn, Uri},
	year = {2011},
	date = {2011},
	journal = {Psychological Science},
	pages = {1359{\textendash}1366},
	volume = {22},
	number = {11},
	note = {Citation Key: simmons2011
tex.eprint: https://doi.org/10.1177/0956797611417632}
}

@article{markowetz2015a,
	title = {Five selfish reasons to work reproducibly},
	author = {Markowetz, Florian},
	year = {2015},
	month = {12},
	date = {2015-12},
	journal = {Genome Biology},
	pages = {274},
	volume = {16},
	number = {1},
	note = {Citation Key: markowetz2015a},
	langid = {english}
}

@techreport{ellis2017,
	title = {How to share data for collaboration},
	author = {Ellis, Shannon E. and Leek, Jeffrey T.},
	year = {2017},
	month = {09},
	date = {2017-09},
	note = {Citation Key: ellis2017
ISSN: 2167-9843},
	langid = {english}
}

@article{
  freese2017,
  title={Replication in Social Science},
  volume={43},
  ISSN={0360-0572},
  url={https://www.jstor.org/stable/44863227},
  journal={Annual Review of Sociology},
  publisher={Annual},
  author={Freese, Jeremy and Peterson, David},
  year={2017},
pages={147–165} }

@article{munafo2017,
	title = {A manifesto for reproducible science},
	author = {{Munafò}, Marcus R. and Nosek, Brian A. and Bishop, Dorothy V. M. and Button, Katherine S. and Chambers, Christopher D. and Percie Du Sert, Nathalie and Simonsohn, Uri and Wagenmakers, Eric-Jan and Ware, Jennifer J. and Ioannidis, John P. A.},
	year = {2017},
	month = {01},
	date = {2017-01-10},
	journal = {Nature Human Behaviour},
	pages = {0021},
	volume = {1},
	number = {1},
	doi = {10.1038/s41562-016-0021},
	url = {https://www.nature.com/articles/s41562-016-0021},
	langid = {en}
}

@article{opensciencecollaboration2015,
	title = {Estimating the reproducibility of psychological science},
	author = {Collaboration, Open Science},
	year = {2015},
	date = {2015},
	journal = {Science},
	volume = {349},
	number = {6251},
	note = {Citation Key: opensciencecollaboration2015
Publisher: American Association for the Advancement of Science
tex.elocation-id: aac4716
tex.eprint: https://science.sciencemag.org/content/349/6251/aac4716.full.pdf}
}

@article{begley2012,
	title = {Raise standards for preclinical cancer research},
	author = {Begley, C. Glenn and Ellis, Lee M.},
	year = {2012},
	month = {03},
	date = {2012-03-29},
	journal = {Nature},
	pages = {531--533},
	volume = {483},
	number = {7391},
	doi = {10.1038/483531a},
	url = {https://www.nature.com/articles/483531a},
	langid = {en}
}

@article{camerer2016,
	title = {Evaluating replicability of laboratory experiments in economics},
	author = {Camerer, Colin F. and Dreber, Anna and Forsell, Eskil and Ho, Teck-Hua and Huber, {Jürgen} and Johannesson, Magnus and Kirchler, Michael and Almenberg, Johan and Altmejd, Adam and Chan, Taizan and Heikensten, Emma and Holzmeister, Felix and Imai, Taisuke and Isaksson, Siri and Nave, Gideon and Pfeiffer, Thomas and Razen, Michael and Wu, Hang},
	year = {2016},
	month = {03},
	date = {2016-03-25},
	journal = {Science},
	pages = {1433--1436},
	volume = {351},
	number = {6280},
	doi = {10.1126/science.aaf0918},
	url = {https://www.science.org/doi/10.1126/science.aaf0918},
	note = {Publisher: American Association for the Advancement of Science}
}

@article{miguel2021,
	title = {Evidence on Research Transparency in Economics},
	author = {Miguel, Edward},
	year = {2021},
	month = {08},
	date = {2021-08-01},
	journal = {Journal of Economic Perspectives},
	pages = {193--214},
	volume = {35},
	number = {3},
	doi = {10.1257/jep.35.3.193},
	url = {https://pubs.aeaweb.org/doi/10.1257/jep.35.3.193},
	langid = {en}
}

@article{fanelli2012,
	title = {Negative results are disappearing from most disciplines and countries},
	author = {Fanelli, Daniele},
	year = {2012},
	month = {03},
	date = {2012-03},
	journal = {Scientometrics},
	pages = {891--904},
	volume = {90},
	number = {3},
	doi = {10.1007/s11192-011-0494-7},
	url = {http://link.springer.com/10.1007/s11192-011-0494-7},
	langid = {en}
}

@article{
  nosek2012,
  title={Scientific Utopia: II. Restructuring Incentives and Practices to Promote Truth Over Publishability},
  volume={7},
  ISSN={1745-6916},
  url={https://doi.org/10.1177/1745691612459058},
  DOI={10.1177/1745691612459058},
  number={6},
  journal={Perspectives on Psychological Science},
  publisher={SAGE},
  author={Nosek, Brian A. and Spies, Jeffrey R. and Motyl, Matt},
  year={2012},
  month={Nov},
pages={615–631} }

@article{gelman2013,
	title = {The garden of forking paths: Why multiple comparisons can be a problem, even when there is no {\textquotedblleft}{fi}shing expedition{\textquotedblright} or {\textquotedblleft}p-hacking{\textquotedblright} and the research hypothesis was posited ahead of time},
	author = {Gelman, Andrew and Loken, Eric},
	year = {2013},
	month = {11},
	date = {2013-11-14},
	langid = {en}
}

@misc{nsfDear,
  title = {{{NSF Dear Colleague Letter}}: {{Robust}} and {{Reliable Research}} in the {{Social}}, {{Behavioral}}, and {{Economic Sciences}}},
  shorttitle = {{{NSF Dear Colleague Letter}}},
  journal = {AABA},
  urldate = {2025-09-26},
  abstract = {With this Dear Colleague Letter, the Directorate for Social, Behavioral, and Economic Sciences (SBE) announces its interest in stimulating research and other activities to enhance [{\dots}]},
  langid = {american}
}